<record><leader>00000cas a22000007a 4500</leader><controlfield tag="001">14169950</controlfield><controlfield tag="008">860902d19201951nvudn ne      0    0eng d</controlfield><datafield ind1=" " ind2=" " tag="010"><subfield code="a">sn 86076368 </subfield></datafield><datafield ind1=" " ind2=" " tag="040"><subfield code="a">NNX</subfield><subfield code="b">eng</subfield><subfield code="c">NNX</subfield><subfield code="d">OCLCQ</subfield></datafield><datafield ind1=" " ind2=" " tag="042"><subfield code="a">msc</subfield></datafield><datafield ind1="0" ind2=" " tag="130"><subfield code="a">Ely daily times (1920)</subfield></datafield><datafield ind1="1" ind2="0" tag="245"><subfield code="a">Ely daily times.</subfield></datafield><datafield ind1="1" ind2="3" tag="246"><subfield code="a">Ely daily evening times</subfield></datafield><datafield ind1=" " ind2=" " tag="260"><subfield code="a">Ely, Nev. :</subfield><subfield code="b">Expositor Print. and Pub. Co.,</subfield><subfield code="c">1920-1951.</subfield></datafield><datafield ind1=" " ind2=" " tag="300"><subfield code="a">32 v. :</subfield><subfield code="b">ill.</subfield></datafield><datafield ind1=" " ind2=" " tag="310"><subfield code="a">Daily (except Sun.)</subfield></datafield><datafield ind1="0" ind2=" " tag="362"><subfield code="a">Vol. 1, no. 1 (Apr. 19, 1920)-v. 32, no. 126 (Nov. 19, 1951).</subfield></datafield><datafield ind1=" " ind2=" " tag="500"><subfield code="a">Title from publisher's statement: Ely daily evening times, Apr. 19, 1920-&lt;Jan. 2, 1951&gt;.</subfield></datafield><datafield ind1=" " ind2=" " tag="752"><subfield code="a">United States</subfield><subfield code="b">Nevada</subfield><subfield code="c">White Pine</subfield><subfield code="d">Ely.</subfield></datafield><datafield ind1="0" ind2="0" tag="785"><subfield code="t">Daily times (Ely, Nev.)</subfield><subfield code="w">(DLC)sn 86076369</subfield></datafield></record>